@ARTICLE{ho/etal:2019,
       author = {{Ho}, Jonathan and {Chen}, Xi and {Srinivas}, Aravind and {Duan}, Yan and {Abbeel}, Pieter},
        title = "{Flow++: Improving Flow-Based Generative Models with Variational Dequantization and Architecture Design}",
      journal = {arXiv e-prints},
     keywords = {Computer Science - Machine Learning, Computer Science - Neural and Evolutionary Computing, Statistics - Machine Learning},
         year = 2019,
        month = feb,
          eid = {arXiv:1902.00275},
        pages = {arXiv:1902.00275},
archivePrefix = {arXiv},
       eprint = {1902.00275},
 primaryClass = {cs.LG},
       adsurl = {https://ui.adsabs.harvard.edu/abs/2019arXiv190200275H},
      adsnote = {Provided by the SAO/NASA Astrophysics Data System}
}

@ARTICLE{grathwohl/etal:2018,
       author = {{Grathwohl}, Will and {Chen}, Ricky T.~Q. and {Bettencourt}, Jesse and {Sutskever}, Ilya and {Duvenaud}, David},
        title = "{FFJORD: Free-form Continuous Dynamics for Scalable Reversible Generative Models}",
      journal = {arXiv e-prints},
     keywords = {Computer Science - Machine Learning, Computer Science - Computer Vision and Pattern Recognition, Statistics - Machine Learning},
         year = 2018,
        month = oct,
          eid = {arXiv:1810.01367},
        pages = {arXiv:1810.01367},
archivePrefix = {arXiv},
       eprint = {1810.01367},
 primaryClass = {cs.LG},
       adsurl = {https://ui.adsabs.harvard.edu/abs/2018arXiv181001367G},
      adsnote = {Provided by the SAO/NASA Astrophysics Data System}
}

@ARTICLE{kingma/dhariwal:2018,
       author = {{Kingma}, Diederik P. and {Dhariwal}, Prafulla},
        title = "{Glow: Generative Flow with Invertible 1x1 Convolutions}",
      journal = {arXiv e-prints},
     keywords = {Statistics - Machine Learning, Computer Science - Artificial Intelligence, Computer Science - Machine Learning},
         year = 2018,
        month = jul,
          eid = {arXiv:1807.03039},
        pages = {arXiv:1807.03039},
archivePrefix = {arXiv},
       eprint = {1807.03039},
 primaryClass = {stat.ML},
       adsurl = {https://ui.adsabs.harvard.edu/abs/2018arXiv180703039K},
      adsnote = {Provided by the SAO/NASA Astrophysics Data System}
}

@ARTICLE{kumar/etal:2019,
       author = {{Kumar}, Manoj and {Babaeizadeh}, Mohammad and {Erhan}, Dumitru and {Finn}, Chelsea and {Levine}, Sergey and {Dinh}, Laurent and {Kingma}, Durk},
        title = "{VideoFlow: A Conditional Flow-Based Model for Stochastic Video Generation}",
      journal = {arXiv e-prints},
     keywords = {Computer Science - Computer Vision and Pattern Recognition, Computer Science - Artificial Intelligence, Computer Science - Machine Learning},
         year = 2019,
        month = mar,
          eid = {arXiv:1903.01434},
        pages = {arXiv:1903.01434},
archivePrefix = {arXiv},
       eprint = {1903.01434},
 primaryClass = {cs.CV},
       adsurl = {https://ui.adsabs.harvard.edu/abs/2019arXiv190301434K},
      adsnote = {Provided by the SAO/NASA Astrophysics Data System}
}

@ARTICLE{kim/etal:2018,
       author = {{Kim}, Sungwon and {Lee}, Sang-gil and {Song}, Jongyoon and {Kim}, Jaehyeon and {Yoon}, Sungroh},
        title = "{FloWaveNet : A Generative Flow for Raw Audio}",
      journal = {arXiv e-prints},
     keywords = {Computer Science - Sound, Electrical Engineering and Systems Science - Audio and Speech Processing},
         year = 2018,
        month = nov,
          eid = {arXiv:1811.02155},
        pages = {arXiv:1811.02155},
archivePrefix = {arXiv},
       eprint = {1811.02155},
 primaryClass = {cs.SD},
       adsurl = {https://ui.adsabs.harvard.edu/abs/2018arXiv181102155K},
      adsnote = {Provided by the SAO/NASA Astrophysics Data System}
}

@ARTICLE{kobyzev/etal:2019,
       author = {{Kobyzev}, Ivan and {Prince}, Simon J.~D. and {Brubaker}, Marcus A.},
        title = "{Normalizing Flows: An Introduction and Review of Current Methods}",
      journal = {arXiv e-prints},
     keywords = {Statistics - Machine Learning, Computer Science - Machine Learning},
         year = 2019,
        month = aug,
          eid = {arXiv:1908.09257},
        pages = {arXiv:1908.09257},
archivePrefix = {arXiv},
       eprint = {1908.09257},
 primaryClass = {stat.ML},
       adsurl = {https://ui.adsabs.harvard.edu/abs/2019arXiv190809257K},
      adsnote = {Provided by the SAO/NASA Astrophysics Data System}
}

@ARTICLE{papamakarios/etal:2019,
       author = {{Papamakarios}, George and {Nalisnick}, Eric and {Jimenez Rezende}, Danilo and {Mohamed}, Shakir and {Lakshminarayanan}, Balaji},
        title = "{Normalizing Flows for Probabilistic Modeling and Inference}",
      journal = {arXiv e-prints},
     keywords = {Statistics - Machine Learning, Computer Science - Machine Learning},
         year = 2019,
        month = dec,
          eid = {arXiv:1912.02762},
        pages = {arXiv:1912.02762},
archivePrefix = {arXiv},
       eprint = {1912.02762},
 primaryClass = {stat.ML},
       adsurl = {https://ui.adsabs.harvard.edu/abs/2019arXiv191202762P},
      adsnote = {Provided by the SAO/NASA Astrophysics Data System}
}



